<record><leader>00000cas a2200000 a 4500</leader><controlfield tag="001">17212583</controlfield><controlfield tag="008">871209d19111916wauwr ne      0    0eng d</controlfield><datafield ind1=" " ind2=" " tag="010"><subfield code="a">sn 87093262 </subfield></datafield><datafield ind1=" " ind2=" " tag="040"><subfield code="a">SLZ</subfield><subfield code="b">eng</subfield><subfield code="c">SLZ</subfield><subfield code="d">OCL</subfield><subfield code="d">OCLCQ</subfield><subfield code="d">WAU</subfield><subfield code="d">OCLCQ</subfield><subfield code="d">OCLCF</subfield></datafield><datafield ind1="1" ind2=" " tag="029"><subfield code="a">AU@</subfield><subfield code="b">000022177133</subfield></datafield><datafield ind1=" " ind2=" " tag="042"><subfield code="a">msc</subfield></datafield><datafield ind1=" " ind2=" " tag="043"><subfield code="a">n-us-wa</subfield></datafield><datafield ind1="0" ind2="4" tag="245"><subfield code="a">The Duvall citizen.</subfield></datafield><datafield ind1=" " ind2=" " tag="260"><subfield code="a">Duvall, Wash. :</subfield><subfield code="b">M. Dufford,</subfield><subfield code="c">-[1916]</subfield></datafield><datafield ind1=" " ind2=" " tag="300"><subfield code="a">6 v. :</subfield><subfield code="b">ill.</subfield></datafield><datafield ind1=" " ind2=" " tag="310"><subfield code="a">Weekly</subfield></datafield><datafield ind1="1" ind2=" " tag="362"><subfield code="a">Began in 1911.</subfield></datafield><datafield ind1="0" ind2=" " tag="362"><subfield code="a">-v. 6, no. 11 (Dec. 29, 1916).</subfield></datafield><datafield ind1=" " ind2=" " tag="580"><subfield code="a">Absorbed in 1917 by: Monroe monitor (Monroe, Wash. : 1916), and continues as a separate section in each issue.</subfield></datafield><datafield ind1=" " ind2=" " tag="588"><subfield code="a">Description based on: Vol. 1, no. 2 (Nov. 11, 1911).</subfield></datafield><datafield ind1=" " ind2="0" tag="651"><subfield code="a">Duvall (Wash.)</subfield><subfield code="v">Newspapers.</subfield></datafield><datafield ind1=" " ind2="7" tag="655"><subfield code="a">Newspapers.</subfield><subfield code="2">fast</subfield><subfield code="0">(OCoLC)fst01423814</subfield></datafield><datafield ind1=" " ind2="7" tag="651"><subfield code="a">Washington (State)</subfield><subfield code="z">Duvall.</subfield><subfield code="2">fast</subfield><subfield code="0">(OCoLC)fst01248447</subfield></datafield><datafield ind1=" " ind2=" " tag="752"><subfield code="a">United States</subfield><subfield code="b">Washington</subfield><subfield code="c">King</subfield><subfield code="d">Duvall.</subfield></datafield><datafield ind1="1" ind2="4" tag="785"><subfield code="t">Monroe monitor (Monroe, Wash. : 1916)</subfield><subfield code="w">(DLC)sn 88085289</subfield><subfield code="w">(OCoLC)17362698</subfield></datafield></record>